@misc{avast,
  author       = {Avast Academy},
  title        = {So beheben Sie den Bluescreen of Death (BSOD) unter Windows 10 und 11},
  howpublished = {\url{https://www.avast.com/de-de/c-how-to-fix-blue-screen-of-death}},
  note         = {Accessed: 12.Juli.2024}
}

@misc{microsoft_support,
  author       = {Microsoft Support},
  title        = {Resolving Blue Screen errors in Windows},
  howpublished = {\url{https://support.microsoft.com/en-us/windows/resolving-blue-screen-errors-in-windows-60b01860-58f2-be66-7516-5c45a66ae3c6}},
  note         = {Accessed: 12.Juli.2024}
}

@misc{wikipedia,
  author       = {Bluescreen (Windows) wiki},
  title        = {Bluescreen (Windows)},
  howpublished = {\url{https://de.wikipedia.org/wiki/Bluescreen_(Windows)}},
  note         = {Accessed: 12.Juli.2024}
}

@misc{microsoft_forum,
  author       = {Microsoft Support},
  title        = {Täglich 5 verschiedene Bluescreen},
  howpublished = {\url{https://answers.microsoft.com/de-de/windows/forum/all/t%C3%A4glich-5-verschiedene-bluescreen/e6d8caaf-75b6-4e9c-ae38-747884d1879d}},
  note         = {Accessed: 12.Juli.2024}
}

@misc{malwarebytes,
  author       = {Malwarebytes},
  title        = {What is BSOD},
  howpublished = {\url{https://www.malwarebytes.com/cybersecurity/computer/blue-screen-of-death}},
  note         = {Accessed: 12.Juli.2024}
}

@misc{chatgpt,
  author       = {OpenAI},
  title        = {ChatGPT},
  howpublished = {\url{https://chatgpt.com/}},
  note         = {Accessed: 12.Juli.2024}
}

@misc{picture1,
  title        = {Picture 1},
  howpublished = {\url{https://www.google.com/url?sa=i&url=https%3A%2F%2Fwww.howtogeek.com%2F163452%2Feverything-you-need-to-know-about-the-blue-screen-of-death%2F&psig=AOvVaw2rDuoxLo7pbbeupebK0yOO&ust=1718897380151000&source=images&cd=vfe&opi=89978449&ved=0CBEQjRxqFwoTCIDM6O_954YDFQAAAAAdAAAAABAE}},
  note         = {Accessed: 12.Juli.2024}
}

@misc{windows9x_bsod,
  title        = {Windows 9X BSOD.png},
  howpublished = {\url{https://upload.wikimedia.org/wikipedia/commons/3/3b/Windows_9X_BSOD.png}},
  note         = {Accessed: 12.Juli.2024}
}

@misc{bsod_windows_1_0,
  title        = {BSoD in Windows 1.0.png},
  howpublished = {\url{https://upload.wikimedia.org/wikipedia/commons/c/c1/BSoD_in_Windows_1.0.png}},
  note         = {Accessed: 12.Juli.2024}
}

@misc{windows_nt_3_51_bsod,
  title        = {Windows NT 3.51 BSOD ita.png},
  howpublished = {\url{https://upload.wikimedia.org/wikipedia/commons/6/61/Windows_NT_3.51_BSOD_ita.png}},
  note         = {Available online; accessed 12.Juli.2024}
}

@misc{windows11_bsod,
  title        = {Windows11BSOD.jpg},
  howpublished = {\url{https://upload.wikimedia.org/wikipedia/commons/4/44/Windows11BSOD.jpg}},
  note         = {Available online; accessed 12.Juli.2024}
}

@misc{rsod,
  title        = {RSoD.png},
  howpublished = {\url{https://upload.wikimedia.org/wikipedia/commons/2/22/Longhorn_RSoD.png}},
  note         = {Available online; accessed 12.Juli.2024}
}
@misc{warren2021,
  author       = {Tom Warren},
  title        = {Microsoft’s Blue Screen of Death is changing to black in Windows 11},
  year         = {2021},
  note         = {Available online; accessed 14.Juli.2024},
  howpublished = {\url{https://www.theverge.com/2021/7/1/22559852/microsoft-windows-11-black-blue-screen-of-death-bsod-change}}
}

@misc{windows_insider2021,
  author       = {{Windows Insider Blog}},
  title        = {Releasing Windows 11 Build 22000.346 to Beta and Release Preview Channels},
  year         = {2021},
  note         = {Available online; accessed 14.Juli.2024},
  howpublished = {\url{https://blogs.windows.com/windows-insider/2021/11/12/releasing-windows-11-build-22000-346-to-beta-and-release-preview-channels/}}
}

@misc{origin_bsod,
  title        = {Origin of BSOD},
  year         = {2021},
  note         = {Available online; accessed 20.Dezember.2021},
  howpublished = {\url{https://weblogs.asp.net/wallym/77425}}
}

@misc{mosaic2017,
  author       = {{Mosaic Data Science}},
  title        = {Diagnosing Windows 10 Crashes with Predictive AI Services},
  year         = {2017},
  note         = {Available online; accessed 14.Juli.2024},
  howpublished = {\url{https://mosaicdatascience.com/2017/11/30/diagnosing-windows-10-crashes-predictive-ai-services/}}
}

@misc{wikicommons_bsod,
  author       = {{Wikimedia Commons}},
  title        = {BSoD},
  year         = {n.d.},
  note         = {Available online; accessed 14 July 2024},
  howpublished = {\url{https://commons.wikimedia.org/wiki/BSoD?uselang=de}}
}
@misc{Remove,
  author       = {{RemovebG}},
  title        = {Remove background of picture},
  howpublished = {\url{https://www.remove.bg/}},
  urldate      = {22.August.2024}
}

@book{WindowsInternalsPart1,
  title     = {Windows Internals, Part 1},
  author    = {Andrea Allievi and Alex Ionescu and Mark Russinovich and David A. Solomon},
  edition   = {7th},
  year      = {2017},
  publisher = {Microsoft Press},
  isbn      = {9780133986440}
}
@book{WindowsInternalsPart2,
  title     = {Windows Internals, Part 2},
  author    = {Andrea Allievi and Alex Ionescu and Mark Russinovich and David A. Solomon},
  edition   = {7th},
  year      = {2021},
  publisher = {Microsoft Press},
  isbn      = {9780135462331}
}




